@inproceedings{massari2004autonomous,
  title={Autonomous navigation system for planetary exploration rover based on artificial potential fields},
  author={Massari, Mauro and Giardini, Giovanni and Bernelli-Zazzera, Franco},
  booktitle={Proceedings of Dynamics and Control of Systems and Structures in Space (DCSSS) 6th Conference},
  pages={153--162},
  year={2004}
}
@inproceedings{hagelback2012potential,
  title={Potential-field based navigation in starcraft},
  author={Hagelb{\"a}ck, Johan},
  booktitle={Computational Intelligence and Games (CIG), 2012 IEEE Conference on},
  pages={388--393},
  year={2012},
  organization={IEEE}
}


@inproceedings{dolgov2009path,
  title={Path planning for autonomous driving in unknown environments},
  author={Dolgov, Dmitri and Thrun, Sebastian and Montemerlo, Michael and Diebel, James},
  booktitle={Experimental Robotics},
  pages={55--64},
  year={2009},
  organization={Springer}
}
@article{montemerlo2008junior,
  title={Junior: The stanford entry in the urban challenge},
  author={Montemerlo, Michael and Becker, Jan and Bhat, Suhrid and Dahlkamp, Hendrik and Dolgov, Dmitri and Ettinger, Scott and Haehnel, Dirk and Hilden, Tim and Hoffmann, Gabe and Huhnke, Burkhard and others},
  journal={Journal of field Robotics},
  volume={25},
  number={9},
  pages={569--597},
  year={2008},
  publisher={Wiley Online Library}
}
@inproceedings{paul2008uav,
  title={UAV formation flight using 3D potential field},
  author={Paul, Tobias and Krogstad, Thomas R and Gravdahl, Jan Tommy},
  booktitle={Control and Automation, 2008 16th Mediterranean Conference on},
  pages={1240--1245},
  year={2008},
  organization={IEEE}
}


@article{paul2008modelling,
  title={Modelling of UAV formation flight using 3D potential field},
  author={Paul, Tobias and Krogstad, Thomas R and Gravdahl, Jan Tommy},
  journal={Simulation Modelling Practice and Theory},
  volume={16},
  number={9},
  pages={1453--1462},
  year={2008},
  publisher={Elsevier}
}

@book{munzner2015visualization,
  added-at = {2017-10-07T07:41:41.000+0200},
  author = {Munzner, T.},
  biburl = {https://www.bibsonomy.org/bibtex/29643da4f95f0ec7783796c8120323731/dirk-rathje},
  description = {Visualization Analysis and Design - Tamara Munzner - Google Books},
  interhash = {d54fe9741669e61b48797b1442bc3bc1},
  intrahash = {9643da4f95f0ec7783796c8120323731},
  isbn = {9781498759717},
  keywords = {safaribooks visualization},
  publisher = {CRC Press},
  series = {AK Peters Visualization Series},
  timestamp = {2017-10-07T07:41:41.000+0200},
  title = {Visualization Analysis and Design},
  url = {https://books.google.de/books?id=NfkYCwAAQBAJ},
  year = 2015
}

@Misc{PythonRobotics,
  title = {PythonRobotics},
  author = {Atsushi Sakai},
  howpublished = {\url{https://github.com/AtsushiSakai/PythonRobotics}},
}

@Misc{Electric,
  title = {{Electrical field lines and Equipotential surfaces simulation}},
  author = {Pance Cavkovski},
  howpublished = { \url{hhttp://hsilomedus.me/wp-content/uploads/d3electricField/electricField.html}},
}

@Article{Anderson92,
  author    = {Anderson, R. E.},
  title     = {Social impacts of computing: Codes of professional ethics},
  journal   = {Social Science Computing Review},
  year      = {1992},
  volume    = {10},
  number    = {2},
  pages     = {453--469},
}

@Misc{Formulars,
  title = {Potential Field Methods},
  author  = {Nancy Amato},
  howpublished = {\url{http://portal.ku.edu.tr/~cbasdogan/Courses/Robotics/projects/algorithm_poten_field.pdf}},
}

@Misc{McGill,
title = {Local Path Planning Using Virtual Potential Field},
author = {Hani Safadi},
year = {2007},
howpublished = {\url{https://www.cs.mcgill.ca/~hsafad/robotics/}},
}

@InProceedings{Klemmer02,
  author    = {Klemmer, R. S. and Thomsen, M. and Phelps-Goodman, E. and Lee, R. and Landay, J. A.},
  title     = {Where do web sites come from? Capturing and interacting with design history},
  booktitle = {Proc. CHI},
  publisher = {ACM Press},
  year      = {2002},
  pages     = {1--8},
}

@InProceedings{Mather00,
  author    = {Mather, B. D.},
  title     = {Making up titles for conference papers},
  booktitle = {Ext. Abstracts CHI},
  publisher = {ACM Press},
  year      = {2000},
  pages     = {1--2},
}

@Book{Schwartz95,
  author    = {Schwartz, M.},
  title     = {Guidelines for Bias-Free Writing},
  publisher = {Indiana University Press},
  address   = {Bloomington, IN, USA},
  year      = {1995},
}

@InProceedings{Zellweger01,
  author    = {Zellweger, P. T. and Bouvin, N. O. and Jeh{\o}j, H. and Mackinlay, J. D.},
  title     = {Fluid Annotations in an Open World},
  booktitle = {Proc. Hypertext},
  publisher = {ACM Press},
  year      = {2001},
  pages     = {9--18},
}

@inproceedings{Goodrich2002PotentialFT,
  title={Potential Fields Tutorial},
  author={Michael A. Goodrich},
  year={2002}
}

